<?xml version="1.0" encoding="UTF-8"?><collection xmlns="http://www.loc.gov/MARC21/slim"><record><leader>00549nam--2200181-i-4500</leader><controlfield tag="001">000022331</controlfield><controlfield tag="002">20161230</controlfield><controlfield tag="005">20161230201034</controlfield><controlfield tag="008">060222s1000------------r-----000-0-fre-d</controlfield><datafield ind1=" " ind2=" " tag="040"><subfield code="a">IFIN-HH</subfield></datafield><datafield ind1=" " ind2=" " tag="041"><subfield code="a">fre</subfield></datafield><datafield ind1=" " ind2=" " tag="080"><subfield code="a">539.12:015:539.166.2</subfield></datafield><datafield ind1="1" ind2=" " tag="100"><subfield code="a">Huck, Jean</subfield></datafield><datafield ind1="1" ind2="0" tag="245"><subfield code="a">Influence de la distorsion coulombienne sur la production de paires d`electrons par un rayonnement gamma pres du seuil</subfield><subfield code="b">These</subfield><subfield code="c">Jean huck</subfield></datafield><datafield ind1=" " ind2=" " tag="260"><subfield code="a">Lyon</subfield><subfield code="b">Faculte Des Sciences</subfield><subfield code="c">1964</subfield></datafield><datafield ind1=" " ind2=" " tag="300"><subfield code="a">137 P</subfield></datafield><datafield ind1=" " ind2=" " tag="852"><subfield code="a">18630</subfield><subfield code="c">539.12</subfield></datafield><datafield ind1=" " ind2=" " tag="CAT"><subfield code="a">Sys</subfield><subfield code="c">20111103</subfield><subfield code="h">120026</subfield></datafield></record></collection>